@book{pierce:tapl,
  author =        {Pierce, Benjamin C.},
  month =         feb,
  publisher =     {MIT Press},
  title =         {{Types and programming languages}},
  year =          {2002},
  isbn =          {0262162091},
}

@MISC{Leroy14thecompcert,
    author = {Xavier Leroy},
    title = {The CompCert C Verified Compiler -- Documentation and user’s manual -- Version 2.4},
    year = {2014}
}
@inproceedings{Swierstra2008CombinatorPA,
  title={Combinator Parsing: A Short Tutorial},
  author={S. Doaitse Swierstra},
  booktitle={LerNet ALFA Summer School},
  year={2008}
}

@book{bertot:coqart,
  author =        {Bertot Yves, Castéran Pierre.},
    month =         lol,
  publisher =     {EATCS Series},
  title =         {{Coq'Art: The Calculus of Inductive Constructions}},
  year =          {2004},
  isbn =          {3-540-20854-2},
}

@inproceedings{Amit:2015:VCV:2815400.2815420,
 author = {Amit, Nadav and Tsafrir, Dan and Schuster, Assaf and Ayoub, Ahmad and Shlomo, Eran},
 title = {Virtual CPU Validation},
 booktitle = {Proceedings of the 25th Symposium on Operating Systems Principles},
 series = {SOSP '15},
 year = {2015},
 isbn = {978-1-4503-3834-9},
 location = {Monterey, California},
 pages = {311--327},
 numpages = {17},
 url = {http://doi.acm.org/10.1145/2815400.2815420},
 doi = {10.1145/2815400.2815420},
 acmid = {2815420},
 publisher = {ACM},
 address = {New York, NY, USA},
} 